 
@article{brada2015repository,
	author = {Brada, Premek and Jezek, Kamil},
	doi = {10.1016/j.scico.2014.06.013},
	issn = {0167-6423},
	journal = {Science of Computer Programming},
	keywords = {Compatibility,Meta-data,Repository,Resource-constrained devices,Software component,compatibility,component,meta-data,repository},
	mendeley-groups = {ReliSA authored},
	mendeley-tags = {compatibility,component,meta-data,repository},
	pages = {349--365},
	publisher = {Elsevier},
	title = {{Repository and Meta-Data Design for Efficient Component Consistency Verification}},
	url = {http://www.sciencedirect.com/science/article/pii/S0167642314002925},
	volume = {97, part 3},
	year = {2015}
}

@InProceedings{abadi1995subytping,
	author = {Abadi, Martin and Cardelli, Luca},
	title = {On Subtyping and Matching},
	booktitle = {European Conference on Object-Oriented Programming (ECOOP), Lecture Notes in Computer Science},
	year = {1995},
	month = {January},
	abstract = {A relation between recursive object types, called matching , has been proposed as a generalization of subtyping. Unlike subtyping, matching does not support subsumption, but it does support inheritance of binary methods. We argue that matching is a good idea, but that it should not be regarded as a form of F-bounded subtyping (as was originally intended). We show that a new interpretation of matching as higher-order subtyping has better properties. Matching turns out to be a third-order construction, possibly the only one to have been proposed for general use in programming.},
	publisher = {ACM Press},
	url = {https://www.microsoft.com/en-us/research/publication/on-subtyping-and-matching/},
	pages = {145-167},
	volume = {952},
	edition = {European Conference on Object-Oriented Programming (ECOOP), Lecture Notes in Computer Science},
}

@inproceedings{brada2006diff,
	author = {Brada, Premek and Valenta, Lukas},
	year = {2006},
	month = {10},
	pages = {38 - 45},
	title = {Practical Verification of Component Substitutability Using Subtype Relation},
	doi = {10.1109/EUROMICRO.2006.50}
}

@MastersThesis{hessova2015rest,
	AUTHOR = {HESSOVÁ, Gabriela},
	TITLE = {Automatické získání historických údajů z webových zdrojů [online]},
	YEAR = {2015 [cit. 2020-02-22]},
	TYPE = {Bakalářská práce},
	SCHOOL = {Západočeská univerzita v Plzni, Fakulta aplikovaných věd, Plzeň},
	SUPERVISOR = {Ing. Richard Lipka, Ph.D.},
	URL = {https://theses.cz/id/pzbgj7/}
}


@MastersThesis{pejrimovsky2015ws,
	AUTHOR = {PEJŘIMOVSKÝ, David},
	TITLE = {Vytváření a ukládání popisu webových služeb v úložišti CRCE [online]},
	YEAR = {2015 [cit. 2020-02-22]},
	TYPE = {Diplomová práce}, 
	SCHOOL = {Západočeská univerzita v Plzni, Fakulta aplikovaných věd, Plzeň},
	SUPERVISOR = {Doc. Ing. Přemysl Brada, MSc. PhD.}, 
	URL = {https://theses.cz/id/bb74eq/}
}